<record><leader>00000cas a22000007a 4500</leader><controlfield tag="001">13506304</controlfield><controlfield tag="008">860429d181u1818pauwr ne      0    0eng d</controlfield><datafield ind1=" " ind2=" " tag="010"><subfield code="a">sn 87052007 </subfield></datafield><datafield ind1=" " ind2=" " tag="040"><subfield code="a">NPH</subfield><subfield code="b">eng</subfield><subfield code="c">NPH</subfield><subfield code="d">NPX</subfield><subfield code="d">OCLCQ</subfield></datafield><datafield ind1=" " ind2=" " tag="042"><subfield code="a">msc</subfield></datafield><datafield ind1="0" ind2="0" tag="245"><subfield code="a">York recorder &amp; weekly advertiser.</subfield></datafield><datafield ind1="3" ind2="0" tag="246"><subfield code="a">York recorder and weekly advertiser</subfield></datafield><datafield ind1="1" ind2="3" tag="246"><subfield code="a">York recorder</subfield></datafield><datafield ind1=" " ind2=" " tag="260"><subfield code="a">York, Pa. :</subfield><subfield code="b">C.T. Melsheimer,</subfield><subfield code="c">-1818.</subfield></datafield><datafield ind1=" " ind2=" " tag="300"><subfield code="a">v.</subfield></datafield><datafield ind1=" " ind2=" " tag="310"><subfield code="a">Weekly</subfield></datafield><datafield ind1="0" ind2=" " tag="362"><subfield code="a">-v. 18, no. 977 (Feb. 10, 1818).</subfield></datafield><datafield ind1=" " ind2=" " tag="588"><subfield code="a">Description based on: Vol. 18, no. 977 (Feb. 10, 1818).</subfield></datafield><datafield ind1=" " ind2=" " tag="752"><subfield code="a">United States</subfield><subfield code="b">Pennsylvania</subfield><subfield code="c">York</subfield><subfield code="d">York.</subfield></datafield><datafield ind1="0" ind2="0" tag="780"><subfield code="t">York recorder (York, Pa. : 1800)</subfield><subfield code="w">(DLC)sn 83025939</subfield></datafield><datafield ind1="0" ind2="0" tag="785"><subfield code="t">York recorder (York, Pa. : 1818)</subfield><subfield code="w">(DLC)sn 86081933</subfield></datafield></record>